2346 3074
2159 17 2270 134 74
939 546 1990 648 Panama, Dec. 29. 1874
104 618 956 765 My dear Capt. Green,-
874 765 2200 901 Your favor by Dr. Boyd duly came.
124 877 2195 1002 We observed our latitude stars on Sunday night, and
148 988 2200 1110 of course last night again. The instrument behaves well.
160 1106 2193 1234 Yesterday morning (before your letter came) & this morn.
136 1221 2200 1340 we observed for azimuth & variation. Though heavily on
131 1340 2221 1444 our minds we couldn't accomplish it earlier, while the
119 1446 2234 1554 longitude work lasted. On Sat. night we observed 24 stars.
123 1572 2199 1666 I will enclose your signals. I think our work is a success.
129 1671 2178 1793 To-day Mr. Spencer dismounts the telegraph line. We hope to
128 1791 2166 1900 come over on Sat. Morn. - I do not think the pier is unsteady,
111 1897 2231 2006 I think some one hit an arm of the instrument unconsciously
119 2015 1522 2134 each time I found it out of meridian.
196 2115 2175 2244 The vernier trouble is due to that arm making an angle
99 2233 2229 2360 with the vertical. I am convinced that most of the register
104 2339 2178 2488 troubles are due to bad quality of the fillet paper. It is un=
105 2443 2026 2597 equal thickness at two edges and also varies in thickness
116 2573 2038 2729 lengthwise, so as to require frequent readjustment of
119 2705 746 2838 rollers & stylet.
1223 2679 1689 2804 Very truly Yrs.
1527 2761 2106 2881 Miles Rock
